<?xml version="1.0" encoding="utf-8"?>
<record xmlns="http://www.loc.gov/MARC21/slim" xmlns:xsi="http://www.w3.org/2001/XMLSchema-instance" xsi:schemaLocation="http://www.loc.gov/MARC21/slim http://www.loc.gov/standards/marcxml/schema/MARC21slim.xsd">
	<leader>     nam a22     Mi 4500</leader>
	<controlfield tag="001">2753360</controlfield>
	<controlfield tag="003">NNC</controlfield>
	<controlfield tag="006">m        d        </controlfield>
	<controlfield tag="007">cr cn |||m|||a</controlfield>
	<controlfield tag="008">190605s1967    iq      ob    000 0 ara d</controlfield>
	<datafield ind1=" " ind2=" " tag="040">
		<subfield code="a">ZYU</subfield>
		<subfield code="b">ara</subfield>
		<subfield code="e">rda</subfield>
		<subfield code="c">ZYU</subfield>
	</datafield>
	<datafield ind1=" " ind2="4" tag="050">
		<subfield code="a">DS119.7</subfield>
		<subfield code="b">.B33</subfield>
	</datafield>
	<datafield ind1="2" ind2=" " tag="110">
		<subfield code="6">880-01</subfield>
		<subfield code="a">Jāmiʻat Baghdād.</subfield>
		<subfield code="b">Maktabah al-Markazīyah.</subfield>
	</datafield>
	<datafield ind1="1" ind2="0" tag="245">
		<subfield code="6">880-02</subfield>
		<subfield code="a">Qāʹimah bi-al-maṭbūʹāt al-ʹArabīyah al-ma-ujūdah fī al-Maktabah al-Markazīyah li-Jāmiʹah Baghdād wa-allatī tabhath ʹan Falastīn wa-Isrāʹīl wa-al-Sahyūnīyah. Tammūz 1967.</subfield>
	</datafield>
	<datafield ind1=" " ind2=" " tag="260">
		<subfield code="6">880-03</subfield>
		<subfield code="a">Baghdād :</subfield>
		<subfield code="b">[Jāmiʻat Baghdād],</subfield>
		<subfield code="c">1967.</subfield>
	</datafield>
	<datafield ind1=" " ind2=" " tag="300">
		<subfield code="e">Mulhaq. Raqm</subfield>
		<subfield code="a">online resource (1 volume)</subfield>
	</datafield>
	<datafield ind1=" " ind2=" " tag="336">
		<subfield code="a">text</subfield>
		<subfield code="2">rdacontent</subfield>
	</datafield>
	<datafield ind1=" " ind2=" " tag="337">
		<subfield code="a">computer</subfield>
		<subfield code="2">rdamedia</subfield>
	</datafield>
	<datafield ind1=" " ind2=" " tag="338">
		<subfield code="a">online resource</subfield>
		<subfield code="2">rdacarrier</subfield>
	</datafield>
	<datafield ind1=" " ind2=" " tag="500">
		<subfield code="a">Part of the Arabic Collections Online (ACO) project, contributed by Columbia University Libraries.</subfield>
	</datafield>
	<datafield ind1=" " ind2=" " tag="533">
		<subfield code="a">Electronic reproduction.</subfield>
		<subfield code="b">New York, N.Y. :</subfield>
		<subfield code="c">New York University,</subfield>
		<subfield code="d">2019.</subfield>
		<subfield code="5">NNU</subfield>
	</datafield>
	<datafield ind1=" " ind2="0" tag="650">
		<subfield code="a">Jewish-Arab relations</subfield>
		<subfield code="v">Bibliography.</subfield>
	</datafield>
	<datafield ind1=" " ind2="7" tag="650">
		<subfield code="a">Jewish-Arab relations.</subfield>
		<subfield code="2">fast</subfield>
		<subfield code="0">(OCoLC)fst00983106</subfield>
	</datafield>
	<datafield ind1=" " ind2="7" tag="655">
		<subfield code="a">Bibliography.</subfield>
		<subfield code="2">fast</subfield>
		<subfield code="0">(OCoLC)fst01423717</subfield>
	</datafield>
	<datafield ind1="2" ind2=" " tag="710">
		<subfield code="a">Columbia University.</subfield>
		<subfield code="b">Libraries.</subfield>
	</datafield>
	<datafield ind1="0" ind2=" " tag="730">
		<subfield code="a">Arabic Collections Online.</subfield>
	</datafield>
	<datafield ind1="0" ind2="8" tag="776">
		<subfield code="i">Print version:</subfield>
		<subfield code="a">Jāmiʻat Baghdād. Maktabah al-Markazīyah.</subfield>
		<subfield code="t">Qāʹimah bi-al-maṭbūʹāt al-ʹArabīyah al-ma-ujūdah fī al-Maktabah al-Markazīyah li-Jāmiʹah Baghdād wa-allatī tabhath ʹan Falastīn wa-Isrāʹīl wa-al-Sahyūnīyah. Tammūz 1967</subfield>
		<subfield code="w">(NNC)2753360</subfield>
		<subfield code="w">(OCoLC)43744033</subfield>
	</datafield>
	<datafield ind1="4" ind2="0" tag="856">
		<subfield code="u">http://hdl.handle.net/2333.1/7d7wmbpc</subfield>
	</datafield>
	<datafield ind1="2" ind2=" " tag="880">
		<subfield code="6">110-01</subfield>
		<subfield code="a">جامعة بغداد.</subfield>
		<subfield code="b">مكتبة المركزية.</subfield>
	</datafield>
	<datafield ind1="1" ind2="0" tag="880">
		<subfield code="6">245-02</subfield>
		<subfield code="a">قائمة بالمطبوعات العربية الموجودة في المكتبة المركزية لجامعة بغداد والتي تبحث عن فلسطين واسرائيل والصهيونية. تموز 1967.</subfield>
	</datafield>
	<datafield ind1=" " ind2=" " tag="880">
		<subfield code="6">260-03</subfield>
		<subfield code="a">بغداد :</subfield>
		<subfield code="b">[جامعة بغداد]،</subfield>
		<subfield code="c">1967.</subfield>
	</datafield>
	<datafield ind1=" " ind2=" " tag="959">
		<subfield code="a">NNU</subfield>
		<subfield code="b">WEB</subfield>
		<subfield code="c">GENI</subfield>
		<subfield code="t">0</subfield>
		<subfield code="m">Electronic access</subfield>
		<subfield code="s">01</subfield>
	</datafield>
	<datafield ind1=" " ind2=" " tag="999">
		<subfield code="i">NNC_2753360</subfield>
		<subfield code="o">(OCoLC)ocm43744033</subfield>
		<subfield code="s">columbia_aco004087</subfield>
		<subfield code="e">(ERROR-880)</subfield>
		<subfield code="s">columbia_aco004087</subfield>
	</datafield>
</record>
